<?xml version="1.0" encoding="UTF-8"?><collection xmlns="http://www.loc.gov/MARC21/slim"><record><leader>00528nam--2200193-i-4500</leader><controlfield tag="001">000031207</controlfield><controlfield tag="002">20161230</controlfield><controlfield tag="005">20161230201038</controlfield><controlfield tag="008">060222s1000------------r-----000-0-eng-d</controlfield><datafield ind1=" " ind2=" " tag="020"><subfield code="a">0471543659</subfield></datafield><datafield ind1=" " ind2=" " tag="040"><subfield code="a">IFIN-HH</subfield></datafield><datafield ind1=" " ind2=" " tag="080"><subfield code="a">025</subfield></datafield><datafield ind1="1" ind2=" " tag="100"><subfield code="a">Lolley, John</subfield></datafield><datafield ind1="1" ind2="0" tag="245"><subfield code="a">Your library what`s in it for you?</subfield><subfield code="b">For self-study or classroom use</subfield><subfield code="c">John lolley, samuel j. marino</subfield></datafield><datafield ind1=" " ind2=" " tag="260"><subfield code="a">New York</subfield><subfield code="b">John Wiley</subfield><subfield code="c">1974</subfield></datafield><datafield ind1=" " ind2=" " tag="300"><subfield code="a">VII+152P</subfield></datafield><datafield ind1="1" ind2=" " tag="700"><subfield code="a">Marino, Samuel J</subfield></datafield><datafield ind1=" " ind2=" " tag="852"><subfield code="a">41905</subfield><subfield code="c">4</subfield></datafield><datafield ind1=" " ind2=" " tag="CAT"><subfield code="a">Sys</subfield><subfield code="c">20130206</subfield><subfield code="h">145551</subfield></datafield></record></collection>